 @article{burger_2018, title={Fokker 100}, url={https://www.airlines-inform.com/commercial-aircraft/fokker-100.html}, journal={commercial aircraft. Pictures, specifications, reviews.}, author={Burger, Willie}, year={2018}, month={Jul}} 

 @article{bezanson2017julia,
  title={Julia: A fresh approach to numerical computing},
  author={Bezanson, Jeff and Edelman, Alan and Karpinski, Stefan and Shah, Viral B},
  journal={SIAM review},
  volume={59},
  number={1},
  pages={65--98},
  year={2017},
  publisher={SIAM},
  url={https://doi.org/10.1137/141000671}}
  
 @article{clark_y_airfoil, title={CLARK Y AIRFOIL (clarky-il)}, url={http://airfoiltools.com/airfoil/details?airfoil=clarky-il}, journal={Clark y airfoil (Clarky-il)}} 
 
 @misc{ansys, title={Ansys Fluent}, url={ansys.com}, journal={Ansys}, author={Ansys, Inc.}} 